@inproceedings{hermans2011supporting,
  title={Supporting professional spreadsheet users by generating leveled dataflow diagrams},
  author={Hermans, Felienne and Pinzger, Martin and Van Deursen, Arie},
  booktitle={Proceedings of the 33rd International Conference on Software Engineering},
  pages={451--460},
  year={2011},
  organization={ACM}
}

@article{hermans2011breviz,
  title={Breviz: Visualizing spreadsheets using dataflow diagrams},
  author={Hermans, Felienne and Pinzger, Martin and van Deursen, Arie},
  journal={arXiv preprint arXiv:1111.6895},
  year={2011}
}

@inproceedings{igarashi1998fluid,
	title={Fluid visualization of spreadsheet structures},
	author={Igarashi, Takeo and Mackinlay, Jock D and Chang, Bay-Wei and Zellweger, Polle T},
	booktitle={Visual Languages, 1998. Proceedings. 1998 IEEE Symposium on},
	pages={118--125},
	year={1998},
	organization={IEEE}
}

@inproceedings{hermans2015enron,
	title={Enron's spreadsheets and related emails: A dataset and analysis},
	author={Hermans, Felienne and Murphy-Hill, Emerson},
	booktitle={Proceedings of the 37th International Conference on Software Engineering-Volume 2},
	pages={7--16},
	year={2015},
	organization={IEEE Press}
}

@inproceedings{barik2015fuse,
	title={Fuse: a reproducible, extendable, internet-scale corpus of spreadsheets},
	author={Barik, Titus and Lubick, Kevin and Smith, Justin and Slankas, John and Murphy-Hill, Emerson},
	booktitle={Proceedings of the 12th Working Conference on Mining Software Repositories},
	pages={486--489},
	year={2015},
	organization={IEEE Press}
}

@inproceedings{fisher2005euses,
	title={The EUSES spreadsheet corpus: a shared resource for supporting experimentation with spreadsheet dependability mechanisms},
	author={Fisher, Marc and Rothermel, Gregg},
	booktitle={ACM SIGSOFT Software Engineering Notes},
	volume={30},
	number={4},
	pages={1--5},
	year={2005},
	organization={ACM}
}

@book{clermont2003scalable,
	title={A scalable approach to spreadsheet visualization},
	author={Clermont, Markus},
	year={2003}
}

@article{hipfl2008using,
	title={Using layout information for spreadsheet visualization},
	author={Hipfl, Sabine},
	journal={arXiv preprint arXiv:0802.3939},
	year={2008}
}

@inproceedings{hermans2012detecting,
	title={Detecting and visualizing inter-worksheet smells in spreadsheets},
	author={Hermans, Felienne and Pinzger, Martin and Deursen, Arie van},
	booktitle={Proceedings of the 34th International Conference on Software Engineering},
	pages={441--451},
	year={2012},
	organization={IEEE Press}
}

@inproceedings{cunha2012smellsheet,
	title={Smellsheet detective: A tool for detecting bad smells in spreadsheets},
	author={Cunha, J{\'a}come and Fernandes, Joao Paulo and Martins, Pedro and Mendes, Jorge and Saraiva, Joao},
	booktitle={Visual Languages and Human-Centric Computing (VL/HCC), 2012 IEEE Symposium on},
	pages={243--244},
	year={2012},
	organization={IEEE}
}

@inproceedings{scaffidi2005estimating,
	title={Estimating the numbers of end users and end user programmers},
	author={Scaffidi, Christopher and Shaw, Mary and Myers, Brad},
	booktitle={Visual Languages and Human-Centric Computing, 2005 IEEE Symposium on},
	pages={207--214},
	year={2005},
	organization={IEEE}
}
